<?xml version="1.0" encoding="UTF-8"?><collection xmlns="http://www.loc.gov/MARC21/slim"><record><leader>00456nam--2200133-i-4500</leader><controlfield tag="001">000019800</controlfield><controlfield tag="002">20161230</controlfield><controlfield tag="005">20161230201033</controlfield><controlfield tag="008">060222s1000------------r-----000-0-eng-d</controlfield><datafield ind1=" " ind2=" " tag="080"><subfield code="a">541.28(043):541.13</subfield></datafield><datafield ind1=" " ind2=" " tag="100"><subfield code="a">El-helou, Jeanne D Arc</subfield></datafield><datafield ind1=" " ind2=" " tag="245"><subfield code="a">Etude electrochimique de la reduction des ions aqueux trivalents de l americium du curium, du berkelium et du californium.these</subfield></datafield><datafield ind1=" " ind2=" " tag="260"><subfield code="a">Orsay, L Institut De Physique Nucleare, 1977. 64 P</subfield></datafield><datafield ind1=" " ind2=" " tag="852"><subfield code="a">46403</subfield></datafield></record></collection>